<?xml version="1.0" encoding="UTF-8"?>
<record xmlns="http://www.loc.gov/MARC21/slim" xmlns:xsi="http://www.w3.org/2001/XMLSchema-instance" xsi:schemaLocation="http://www.loc.gov/MARC21/slim http://www.loc.gov/standards/marcxml/schema/MARC21slim.xsd">
<leader>     nam a2200229 a 4500</leader>
<controlfield tag="001">001845372</controlfield>
<controlfield tag="003">NNU</controlfield>
<controlfield tag="005">19940713181853.0</controlfield>
<controlfield tag="008">900307s1908    ua            000 0 ara d</controlfield>
<datafield tag="035" ind1="9" ind2=" ">
<subfield code="a">NYUb10782360</subfield>
</datafield>
<datafield tag="035" ind1=" " ind2=" ">
<subfield code="a">(CStRLIN)NYUG90-B8746</subfield>
</datafield>
<datafield tag="035" ind1=" " ind2=" ">
<subfield code="a">GLIS007823602</subfield>
</datafield>
<datafield tag="040" ind1=" " ind2=" ">
<subfield code="a">NNU</subfield>
<subfield code="c">NNU</subfield>
</datafield>
<datafield tag="090" ind1=" " ind2=" ">
<subfield code="i">03/07/90 CT</subfield>
</datafield>
<datafield tag="100" ind1="0" ind2=" ">
<subfield code="a">Avicenna,</subfield>
<subfield code="d">980-1037.</subfield>
</datafield>
<datafield tag="240" ind1="1" ind2="0">
<subfield code="a">Selections</subfield>
</datafield>
<datafield tag="245" ind1="1" ind2="0">
<subfield code="a">Tisʻ rasāʼil fī al-ḥikmah wa-al-ṭabīʻīyāt wa-fī ākharahā Qiṣṣat Salāmān wa-Absāl /</subfield>
<subfield code="c">taʼlīf Abī ʻAlī al-Ḥusayn ibn ʻAbd Allāh Ibn Sīnā.</subfield>
</datafield>
<datafield tag="250" ind1=" " ind2=" ">
<subfield code="a">al-Ṭabʻah 1.</subfield>
</datafield>
<datafield tag="260" ind1=" " ind2=" ">
<subfield code="a">Miṣr :</subfield>
<subfield code="b">Maṭbaʻat Hindīyah,</subfield>
<subfield code="c">1908.</subfield>
</datafield>
<datafield tag="300" ind1=" " ind2=" ">
<subfield code="a">5, 180 p. ;</subfield>
<subfield code="c">20 cm.</subfield>
</datafield>
<datafield tag="OWN" ind1=" " ind2=" ">
<subfield code="a">GENERAL</subfield>
</datafield>
<datafield tag="950" ind1=" " ind2=" ">
<subfield code="l">BMAIN</subfield>
<subfield code="a">B751.A35</subfield>
<subfield code="b">T5 1908</subfield>
<subfield code="i">03/07/90 C</subfield>
</datafield>
<datafield tag="955" ind1=" " ind2=" ">
<subfield code="l">BMAIN</subfield>
<subfield code="c">1</subfield>
<subfield code="r">014352556</subfield>
<subfield code="i">03/07/90 C</subfield>
</datafield>
<datafield tag="998" ind1=" " ind2=" ">
<subfield code="a">03/07/90</subfield>
<subfield code="t">c</subfield>
<subfield code="s">9114</subfield>
<subfield code="n">NNU</subfield>
<subfield code="d">03/07/90</subfield>
<subfield code="c">MG</subfield>
<subfield code="b">PJV</subfield>
<subfield code="i">900307</subfield>
<subfield code="l">NYUG</subfield>
</datafield>
<datafield tag="AVA" ind1=" " ind2=" ">
<subfield code="a">NYU50</subfield>
<subfield code="b">BOBST</subfield>
<subfield code="c">Main Collection</subfield>
<subfield code="d">B751.A35 T5 1908</subfield>
<subfield code="e">unavailable</subfield>
<subfield code="t">Unavailable</subfield>
<subfield code="f">1</subfield>
<subfield code="g">1</subfield>
<subfield code="h">N</subfield>
<subfield code="i">0</subfield>
<subfield code="j">MAIN</subfield>
</datafield>
</record>
